%YAML 1.1
%TAG !u! tag:unity3d.com,2011:
--- !u!1 &5686123042758858589
GameObject:
  m_ObjectHideFlags: 0
  m_CorrespondingSourceObject: {fileID: 0}
  m_PrefabInstance: {fileID: 0}
  m_PrefabAsset: {fileID: 0}
  serializedVersion: 6
  m_Component:
  - component: {fileID: 5686123042758858590}
  m_Layer: 0
  m_Name: floor02
  m_TagString: Untagged
  m_Icon: {fileID: 0}
  m_NavMeshLayer: 0
  m_StaticEditorFlags: 0
  m_IsActive: 1
--- !u!4 &5686123042758858590
Transform:
  m_ObjectHideFlags: 0
  m_CorrespondingSourceObject: {fileID: 0}
  m_PrefabInstance: {fileID: 0}
  m_PrefabAsset: {fileID: 0}
  m_GameObject: {fileID: 5686123042758858589}
  m_LocalRotation: {x: 0, y: 0, z: 0, w: 1}
  m_LocalPosition: {x: -1.2304573, y: -5.0353403, z: 0}
  m_LocalScale: {x: 1, y: 1, z: 1}
  m_Children:
  - {fileID: 2070502711606679894}
  - {fileID: 3551419064854657860}
  - {fileID: 3430646218150976726}
  - {fileID: 8301970244149720021}
  - {fileID: 481095566480177593}
  - {fileID: 7137299543870260985}
  - {fileID: 1440882171375164300}
  - {fileID: 2452731719736785407}
  - {fileID: 3223865890316695514}
  - {fileID: 6238071254889236067}
  m_Father: {fileID: 0}
  m_RootOrder: 0
  m_LocalEulerAnglesHint: {x: 0, y: 0, z: 0}
--- !u!1001 &907057402206304945
PrefabInstance:
  m_ObjectHideFlags: 0
  serializedVersion: 2
  m_Modification:
    m_TransformParent: {fileID: 5686123042758858590}
    m_Modifications:
    - target: {fileID: 1571256060720350738, guid: f875be44785cc034fac23ac65a5af91b,
        type: 3}
      propertyPath: m_Name
      value: Terrain (16x16)_6 (2)
      objectReference: {fileID: 0}
    - target: {fileID: 9196357127479560548, guid: f875be44785cc034fac23ac65a5af91b,
        type: 3}
      propertyPath: m_LocalPosition.x
      value: 4
      objectReference: {fileID: 0}
    - target: {fileID: 9196357127479560548, guid: f875be44785cc034fac23ac65a5af91b,
        type: 3}
      propertyPath: m_LocalPosition.y
      value: -1.78
      objectReference: {fileID: 0}
    - target: {fileID: 9196357127479560548, guid: f875be44785cc034fac23ac65a5af91b,
        type: 3}
      propertyPath: m_LocalPosition.z
      value: 0
      objectReference: {fileID: 0}
    - target: {fileID: 9196357127479560548, guid: f875be44785cc034fac23ac65a5af91b,
        type: 3}
      propertyPath: m_LocalRotation.x
      value: 0
      objectReference: {fileID: 0}
    - target: {fileID: 9196357127479560548, guid: f875be44785cc034fac23ac65a5af91b,
        type: 3}
      propertyPath: m_LocalRotation.y
      value: 0
      objectReference: {fileID: 0}
    - target: {fileID: 9196357127479560548, guid: f875be44785cc034fac23ac65a5af91b,
        type: 3}
      propertyPath: m_LocalRotation.z
      value: 0
      objectReference: {fileID: 0}
    - target: {fileID: 9196357127479560548, guid: f875be44785cc034fac23ac65a5af91b,
        type: 3}
      propertyPath: m_LocalRotation.w
      value: 1
      objectReference: {fileID: 0}
    - target: {fileID: 9196357127479560548, guid: f875be44785cc034fac23ac65a5af91b,
        type: 3}
      propertyPath: m_RootOrder
      value: 3
      objectReference: {fileID: 0}
    - target: {fileID: 9196357127479560548, guid: f875be44785cc034fac23ac65a5af91b,
        type: 3}
      propertyPath: m_LocalEulerAnglesHint.x
      value: 0
      objectReference: {fileID: 0}
    - target: {fileID: 9196357127479560548, guid: f875be44785cc034fac23ac65a5af91b,
        type: 3}
      propertyPath: m_LocalEulerAnglesHint.y
      value: 0
      objectReference: {fileID: 0}
    - target: {fileID: 9196357127479560548, guid: f875be44785cc034fac23ac65a5af91b,
        type: 3}
      propertyPath: m_LocalEulerAnglesHint.z
      value: 0
      objectReference: {fileID: 0}
    m_RemovedComponents: []
  m_SourcePrefab: {fileID: 100100000, guid: f875be44785cc034fac23ac65a5af91b, type: 3}
--- !u!4 &8301970244149720021 stripped
Transform:
  m_CorrespondingSourceObject: {fileID: 9196357127479560548, guid: f875be44785cc034fac23ac65a5af91b,
    type: 3}
  m_PrefabInstance: {fileID: 907057402206304945}
  m_PrefabAsset: {fileID: 0}
--- !u!1001 &2066252879940603805
PrefabInstance:
  m_ObjectHideFlags: 0
  serializedVersion: 2
  m_Modification:
    m_TransformParent: {fileID: 5686123042758858590}
    m_Modifications:
    - target: {fileID: 1571256060720350738, guid: f875be44785cc034fac23ac65a5af91b,
        type: 3}
      propertyPath: m_Name
      value: Terrain (16x16)_6 (4)
      objectReference: {fileID: 0}
    - target: {fileID: 9196357127479560548, guid: f875be44785cc034fac23ac65a5af91b,
        type: 3}
      propertyPath: m_LocalPosition.x
      value: 6
      objectReference: {fileID: 0}
    - target: {fileID: 9196357127479560548, guid: f875be44785cc034fac23ac65a5af91b,
        type: 3}
      propertyPath: m_LocalPosition.y
      value: -1.78
      objectReference: {fileID: 0}
    - target: {fileID: 9196357127479560548, guid: f875be44785cc034fac23ac65a5af91b,
        type: 3}
      propertyPath: m_LocalPosition.z
      value: 0
      objectReference: {fileID: 0}
    - target: {fileID: 9196357127479560548, guid: f875be44785cc034fac23ac65a5af91b,
        type: 3}
      propertyPath: m_LocalRotation.x
      value: 0
      objectReference: {fileID: 0}
    - target: {fileID: 9196357127479560548, guid: f875be44785cc034fac23ac65a5af91b,
        type: 3}
      propertyPath: m_LocalRotation.y
      value: 0
      objectReference: {fileID: 0}
    - target: {fileID: 9196357127479560548, guid: f875be44785cc034fac23ac65a5af91b,
        type: 3}
      propertyPath: m_LocalRotation.z
      value: 0
      objectReference: {fileID: 0}
    - target: {fileID: 9196357127479560548, guid: f875be44785cc034fac23ac65a5af91b,
        type: 3}
      propertyPath: m_LocalRotation.w
      value: 1
      objectReference: {fileID: 0}
    - target: {fileID: 9196357127479560548, guid: f875be44785cc034fac23ac65a5af91b,
        type: 3}
      propertyPath: m_RootOrder
      value: 5
      objectReference: {fileID: 0}
    - target: {fileID: 9196357127479560548, guid: f875be44785cc034fac23ac65a5af91b,
        type: 3}
      propertyPath: m_LocalEulerAnglesHint.x
      value: 0
      objectReference: {fileID: 0}
    - target: {fileID: 9196357127479560548, guid: f875be44785cc034fac23ac65a5af91b,
        type: 3}
      propertyPath: m_LocalEulerAnglesHint.y
      value: 0
      objectReference: {fileID: 0}
    - target: {fileID: 9196357127479560548, guid: f875be44785cc034fac23ac65a5af91b,
        type: 3}
      propertyPath: m_LocalEulerAnglesHint.z
      value: 0
      objectReference: {fileID: 0}
    m_RemovedComponents: []
  m_SourcePrefab: {fileID: 100100000, guid: f875be44785cc034fac23ac65a5af91b, type: 3}
--- !u!4 &7137299543870260985 stripped
Transform:
  m_CorrespondingSourceObject: {fileID: 9196357127479560548, guid: f875be44785cc034fac23ac65a5af91b,
    type: 3}
  m_PrefabInstance: {fileID: 2066252879940603805}
  m_PrefabAsset: {fileID: 0}
--- !u!1001 &5686123040903737888
PrefabInstance:
  m_ObjectHideFlags: 0
  serializedVersion: 2
  m_Modification:
    m_TransformParent: {fileID: 5686123042758858590}
    m_Modifications:
    - target: {fileID: 1571256060720350738, guid: f875be44785cc034fac23ac65a5af91b,
        type: 3}
      propertyPath: m_Name
      value: Terrain (16x16)_6
      objectReference: {fileID: 0}
    - target: {fileID: 9196357127479560548, guid: f875be44785cc034fac23ac65a5af91b,
        type: 3}
      propertyPath: m_LocalPosition.x
      value: 2
      objectReference: {fileID: 0}
    - target: {fileID: 9196357127479560548, guid: f875be44785cc034fac23ac65a5af91b,
        type: 3}
      propertyPath: m_LocalPosition.y
      value: -1.78
      objectReference: {fileID: 0}
    - target: {fileID: 9196357127479560548, guid: f875be44785cc034fac23ac65a5af91b,
        type: 3}
      propertyPath: m_LocalPosition.z
      value: 0
      objectReference: {fileID: 0}
    - target: {fileID: 9196357127479560548, guid: f875be44785cc034fac23ac65a5af91b,
        type: 3}
      propertyPath: m_LocalRotation.x
      value: 0
      objectReference: {fileID: 0}
    - target: {fileID: 9196357127479560548, guid: f875be44785cc034fac23ac65a5af91b,
        type: 3}
      propertyPath: m_LocalRotation.y
      value: 0
      objectReference: {fileID: 0}
    - target: {fileID: 9196357127479560548, guid: f875be44785cc034fac23ac65a5af91b,
        type: 3}
      propertyPath: m_LocalRotation.z
      value: 0
      objectReference: {fileID: 0}
    - target: {fileID: 9196357127479560548, guid: f875be44785cc034fac23ac65a5af91b,
        type: 3}
      propertyPath: m_LocalRotation.w
      value: 1
      objectReference: {fileID: 0}
    - target: {fileID: 9196357127479560548, guid: f875be44785cc034fac23ac65a5af91b,
        type: 3}
      propertyPath: m_RootOrder
      value: 1
      objectReference: {fileID: 0}
    - target: {fileID: 9196357127479560548, guid: f875be44785cc034fac23ac65a5af91b,
        type: 3}
      propertyPath: m_LocalEulerAnglesHint.x
      value: 0
      objectReference: {fileID: 0}
    - target: {fileID: 9196357127479560548, guid: f875be44785cc034fac23ac65a5af91b,
        type: 3}
      propertyPath: m_LocalEulerAnglesHint.y
      value: 0
      objectReference: {fileID: 0}
    - target: {fileID: 9196357127479560548, guid: f875be44785cc034fac23ac65a5af91b,
        type: 3}
      propertyPath: m_LocalEulerAnglesHint.z
      value: 0
      objectReference: {fileID: 0}
    m_RemovedComponents: []
  m_SourcePrefab: {fileID: 100100000, guid: f875be44785cc034fac23ac65a5af91b, type: 3}
--- !u!4 &3551419064854657860 stripped
Transform:
  m_CorrespondingSourceObject: {fileID: 9196357127479560548, guid: f875be44785cc034fac23ac65a5af91b,
    type: 3}
  m_PrefabInstance: {fileID: 5686123040903737888}
  m_PrefabAsset: {fileID: 0}
--- !u!1001 &5686123041078503427
PrefabInstance:
  m_ObjectHideFlags: 0
  serializedVersion: 2
  m_Modification:
    m_TransformParent: {fileID: 5686123042758858590}
    m_Modifications:
    - target: {fileID: 5932030126574891349, guid: edc795abdbe6fc74791eb2d925320957,
        type: 3}
      propertyPath: m_LocalPosition.x
      value: 1
      objectReference: {fileID: 0}
    - target: {fileID: 5932030126574891349, guid: edc795abdbe6fc74791eb2d925320957,
        type: 3}
      propertyPath: m_LocalPosition.y
      value: -1.77
      objectReference: {fileID: 0}
    - target: {fileID: 5932030126574891349, guid: edc795abdbe6fc74791eb2d925320957,
        type: 3}
      propertyPath: m_LocalPosition.z
      value: 0
      objectReference: {fileID: 0}
    - target: {fileID: 5932030126574891349, guid: edc795abdbe6fc74791eb2d925320957,
        type: 3}
      propertyPath: m_LocalRotation.x
      value: 0
      objectReference: {fileID: 0}
    - target: {fileID: 5932030126574891349, guid: edc795abdbe6fc74791eb2d925320957,
        type: 3}
      propertyPath: m_LocalRotation.y
      value: 0
      objectReference: {fileID: 0}
    - target: {fileID: 5932030126574891349, guid: edc795abdbe6fc74791eb2d925320957,
        type: 3}
      propertyPath: m_LocalRotation.z
      value: 0
      objectReference: {fileID: 0}
    - target: {fileID: 5932030126574891349, guid: edc795abdbe6fc74791eb2d925320957,
        type: 3}
      propertyPath: m_LocalRotation.w
      value: 1
      objectReference: {fileID: 0}
    - target: {fileID: 5932030126574891349, guid: edc795abdbe6fc74791eb2d925320957,
        type: 3}
      propertyPath: m_RootOrder
      value: 0
      objectReference: {fileID: 0}
    - target: {fileID: 5932030126574891349, guid: edc795abdbe6fc74791eb2d925320957,
        type: 3}
      propertyPath: m_LocalEulerAnglesHint.x
      value: 0
      objectReference: {fileID: 0}
    - target: {fileID: 5932030126574891349, guid: edc795abdbe6fc74791eb2d925320957,
        type: 3}
      propertyPath: m_LocalEulerAnglesHint.y
      value: 0
      objectReference: {fileID: 0}
    - target: {fileID: 5932030126574891349, guid: edc795abdbe6fc74791eb2d925320957,
        type: 3}
      propertyPath: m_LocalEulerAnglesHint.z
      value: 0
      objectReference: {fileID: 0}
    - target: {fileID: 7576376770415337441, guid: edc795abdbe6fc74791eb2d925320957,
        type: 3}
      propertyPath: m_Name
      value: Terrain (16x16)_5
      objectReference: {fileID: 0}
    m_RemovedComponents: []
  m_SourcePrefab: {fileID: 100100000, guid: edc795abdbe6fc74791eb2d925320957, type: 3}
--- !u!4 &2070502711606679894 stripped
Transform:
  m_CorrespondingSourceObject: {fileID: 5932030126574891349, guid: edc795abdbe6fc74791eb2d925320957,
    type: 3}
  m_PrefabInstance: {fileID: 5686123041078503427}
  m_PrefabAsset: {fileID: 0}
--- !u!1001 &5686123041452346571
PrefabInstance:
  m_ObjectHideFlags: 0
  serializedVersion: 2
  m_Modification:
    m_TransformParent: {fileID: 5686123042758858590}
    m_Modifications:
    - target: {fileID: 1764071877989485224, guid: 35b94b614bf15e843b5769d8898f84c4,
        type: 3}
      propertyPath: m_LocalPosition.x
      value: 10
      objectReference: {fileID: 0}
    - target: {fileID: 1764071877989485224, guid: 35b94b614bf15e843b5769d8898f84c4,
        type: 3}
      propertyPath: m_LocalPosition.y
      value: -1.81
      objectReference: {fileID: 0}
    - target: {fileID: 1764071877989485224, guid: 35b94b614bf15e843b5769d8898f84c4,
        type: 3}
      propertyPath: m_LocalPosition.z
      value: 0
      objectReference: {fileID: 0}
    - target: {fileID: 1764071877989485224, guid: 35b94b614bf15e843b5769d8898f84c4,
        type: 3}
      propertyPath: m_LocalRotation.x
      value: 0
      objectReference: {fileID: 0}
    - target: {fileID: 1764071877989485224, guid: 35b94b614bf15e843b5769d8898f84c4,
        type: 3}
      propertyPath: m_LocalRotation.y
      value: 0
      objectReference: {fileID: 0}
    - target: {fileID: 1764071877989485224, guid: 35b94b614bf15e843b5769d8898f84c4,
        type: 3}
      propertyPath: m_LocalRotation.z
      value: 0
      objectReference: {fileID: 0}
    - target: {fileID: 1764071877989485224, guid: 35b94b614bf15e843b5769d8898f84c4,
        type: 3}
      propertyPath: m_LocalRotation.w
      value: 1
      objectReference: {fileID: 0}
    - target: {fileID: 1764071877989485224, guid: 35b94b614bf15e843b5769d8898f84c4,
        type: 3}
      propertyPath: m_RootOrder
      value: 9
      objectReference: {fileID: 0}
    - target: {fileID: 1764071877989485224, guid: 35b94b614bf15e843b5769d8898f84c4,
        type: 3}
      propertyPath: m_LocalEulerAnglesHint.x
      value: 0
      objectReference: {fileID: 0}
    - target: {fileID: 1764071877989485224, guid: 35b94b614bf15e843b5769d8898f84c4,
        type: 3}
      propertyPath: m_LocalEulerAnglesHint.y
      value: 0
      objectReference: {fileID: 0}
    - target: {fileID: 1764071877989485224, guid: 35b94b614bf15e843b5769d8898f84c4,
        type: 3}
      propertyPath: m_LocalEulerAnglesHint.z
      value: 0
      objectReference: {fileID: 0}
    - target: {fileID: 5424437152607107821, guid: 35b94b614bf15e843b5769d8898f84c4,
        type: 3}
      propertyPath: m_Name
      value: Terrain (16x16)_7
      objectReference: {fileID: 0}
    m_RemovedComponents: []
  m_SourcePrefab: {fileID: 100100000, guid: 35b94b614bf15e843b5769d8898f84c4, type: 3}
--- !u!4 &6238071254889236067 stripped
Transform:
  m_CorrespondingSourceObject: {fileID: 1764071877989485224, guid: 35b94b614bf15e843b5769d8898f84c4,
    type: 3}
  m_PrefabInstance: {fileID: 5686123041452346571}
  m_PrefabAsset: {fileID: 0}
--- !u!1001 &5781527470962382258
PrefabInstance:
  m_ObjectHideFlags: 0
  serializedVersion: 2
  m_Modification:
    m_TransformParent: {fileID: 5686123042758858590}
    m_Modifications:
    - target: {fileID: 1571256060720350738, guid: f875be44785cc034fac23ac65a5af91b,
        type: 3}
      propertyPath: m_Name
      value: Terrain (16x16)_6 (1)
      objectReference: {fileID: 0}
    - target: {fileID: 9196357127479560548, guid: f875be44785cc034fac23ac65a5af91b,
        type: 3}
      propertyPath: m_LocalPosition.x
      value: 3
      objectReference: {fileID: 0}
    - target: {fileID: 9196357127479560548, guid: f875be44785cc034fac23ac65a5af91b,
        type: 3}
      propertyPath: m_LocalPosition.y
      value: -1.78
      objectReference: {fileID: 0}
    - target: {fileID: 9196357127479560548, guid: f875be44785cc034fac23ac65a5af91b,
        type: 3}
      propertyPath: m_LocalPosition.z
      value: 0
      objectReference: {fileID: 0}
    - target: {fileID: 9196357127479560548, guid: f875be44785cc034fac23ac65a5af91b,
        type: 3}
      propertyPath: m_LocalRotation.x
      value: 0
      objectReference: {fileID: 0}
    - target: {fileID: 9196357127479560548, guid: f875be44785cc034fac23ac65a5af91b,
        type: 3}
      propertyPath: m_LocalRotation.y
      value: 0
      objectReference: {fileID: 0}
    - target: {fileID: 9196357127479560548, guid: f875be44785cc034fac23ac65a5af91b,
        type: 3}
      propertyPath: m_LocalRotation.z
      value: 0
      objectReference: {fileID: 0}
    - target: {fileID: 9196357127479560548, guid: f875be44785cc034fac23ac65a5af91b,
        type: 3}
      propertyPath: m_LocalRotation.w
      value: 1
      objectReference: {fileID: 0}
    - target: {fileID: 9196357127479560548, guid: f875be44785cc034fac23ac65a5af91b,
        type: 3}
      propertyPath: m_RootOrder
      value: 2
      objectReference: {fileID: 0}
    - target: {fileID: 9196357127479560548, guid: f875be44785cc034fac23ac65a5af91b,
        type: 3}
      propertyPath: m_LocalEulerAnglesHint.x
      value: 0
      objectReference: {fileID: 0}
    - target: {fileID: 9196357127479560548, guid: f875be44785cc034fac23ac65a5af91b,
        type: 3}
      propertyPath: m_LocalEulerAnglesHint.y
      value: 0
      objectReference: {fileID: 0}
    - target: {fileID: 9196357127479560548, guid: f875be44785cc034fac23ac65a5af91b,
        type: 3}
      propertyPath: m_LocalEulerAnglesHint.z
      value: 0
      objectReference: {fileID: 0}
    m_RemovedComponents: []
  m_SourcePrefab: {fileID: 100100000, guid: f875be44785cc034fac23ac65a5af91b, type: 3}
--- !u!4 &3430646218150976726 stripped
Transform:
  m_CorrespondingSourceObject: {fileID: 9196357127479560548, guid: f875be44785cc034fac23ac65a5af91b,
    type: 3}
  m_PrefabInstance: {fileID: 5781527470962382258}
  m_PrefabAsset: {fileID: 0}
--- !u!1001 &5989082610223955646
PrefabInstance:
  m_ObjectHideFlags: 0
  serializedVersion: 2
  m_Modification:
    m_TransformParent: {fileID: 5686123042758858590}
    m_Modifications:
    - target: {fileID: 1571256060720350738, guid: f875be44785cc034fac23ac65a5af91b,
        type: 3}
      propertyPath: m_Name
      value: Terrain (16x16)_6 (7)
      objectReference: {fileID: 0}
    - target: {fileID: 9196357127479560548, guid: f875be44785cc034fac23ac65a5af91b,
        type: 3}
      propertyPath: m_LocalPosition.x
      value: 9
      objectReference: {fileID: 0}
    - target: {fileID: 9196357127479560548, guid: f875be44785cc034fac23ac65a5af91b,
        type: 3}
      propertyPath: m_LocalPosition.y
      value: -1.78
      objectReference: {fileID: 0}
    - target: {fileID: 9196357127479560548, guid: f875be44785cc034fac23ac65a5af91b,
        type: 3}
      propertyPath: m_LocalPosition.z
      value: 0
      objectReference: {fileID: 0}
    - target: {fileID: 9196357127479560548, guid: f875be44785cc034fac23ac65a5af91b,
        type: 3}
      propertyPath: m_LocalRotation.x
      value: 0
      objectReference: {fileID: 0}
    - target: {fileID: 9196357127479560548, guid: f875be44785cc034fac23ac65a5af91b,
        type: 3}
      propertyPath: m_LocalRotation.y
      value: 0
      objectReference: {fileID: 0}
    - target: {fileID: 9196357127479560548, guid: f875be44785cc034fac23ac65a5af91b,
        type: 3}
      propertyPath: m_LocalRotation.z
      value: 0
      objectReference: {fileID: 0}
    - target: {fileID: 9196357127479560548, guid: f875be44785cc034fac23ac65a5af91b,
        type: 3}
      propertyPath: m_LocalRotation.w
      value: 1
      objectReference: {fileID: 0}
    - target: {fileID: 9196357127479560548, guid: f875be44785cc034fac23ac65a5af91b,
        type: 3}
      propertyPath: m_RootOrder
      value: 8
      objectReference: {fileID: 0}
    - target: {fileID: 9196357127479560548, guid: f875be44785cc034fac23ac65a5af91b,
        type: 3}
      propertyPath: m_LocalEulerAnglesHint.x
      value: 0
      objectReference: {fileID: 0}
    - target: {fileID: 9196357127479560548, guid: f875be44785cc034fac23ac65a5af91b,
        type: 3}
      propertyPath: m_LocalEulerAnglesHint.y
      value: 0
      objectReference: {fileID: 0}
    - target: {fileID: 9196357127479560548, guid: f875be44785cc034fac23ac65a5af91b,
        type: 3}
      propertyPath: m_LocalEulerAnglesHint.z
      value: 0
      objectReference: {fileID: 0}
    m_RemovedComponents: []
  m_SourcePrefab: {fileID: 100100000, guid: f875be44785cc034fac23ac65a5af91b, type: 3}
--- !u!4 &3223865890316695514 stripped
Transform:
  m_CorrespondingSourceObject: {fileID: 9196357127479560548, guid: f875be44785cc034fac23ac65a5af91b,
    type: 3}
  m_PrefabInstance: {fileID: 5989082610223955646}
  m_PrefabAsset: {fileID: 0}
--- !u!1001 &6749168045999222939
PrefabInstance:
  m_ObjectHideFlags: 0
  serializedVersion: 2
  m_Modification:
    m_TransformParent: {fileID: 5686123042758858590}
    m_Modifications:
    - target: {fileID: 1571256060720350738, guid: f875be44785cc034fac23ac65a5af91b,
        type: 3}
      propertyPath: m_Name
      value: Terrain (16x16)_6 (6)
      objectReference: {fileID: 0}
    - target: {fileID: 9196357127479560548, guid: f875be44785cc034fac23ac65a5af91b,
        type: 3}
      propertyPath: m_LocalPosition.x
      value: 8
      objectReference: {fileID: 0}
    - target: {fileID: 9196357127479560548, guid: f875be44785cc034fac23ac65a5af91b,
        type: 3}
      propertyPath: m_LocalPosition.y
      value: -1.78
      objectReference: {fileID: 0}
    - target: {fileID: 9196357127479560548, guid: f875be44785cc034fac23ac65a5af91b,
        type: 3}
      propertyPath: m_LocalPosition.z
      value: 0
      objectReference: {fileID: 0}
    - target: {fileID: 9196357127479560548, guid: f875be44785cc034fac23ac65a5af91b,
        type: 3}
      propertyPath: m_LocalRotation.x
      value: 0
      objectReference: {fileID: 0}
    - target: {fileID: 9196357127479560548, guid: f875be44785cc034fac23ac65a5af91b,
        type: 3}
      propertyPath: m_LocalRotation.y
      value: 0
      objectReference: {fileID: 0}
    - target: {fileID: 9196357127479560548, guid: f875be44785cc034fac23ac65a5af91b,
        type: 3}
      propertyPath: m_LocalRotation.z
      value: 0
      objectReference: {fileID: 0}
    - target: {fileID: 9196357127479560548, guid: f875be44785cc034fac23ac65a5af91b,
        type: 3}
      propertyPath: m_LocalRotation.w
      value: 1
      objectReference: {fileID: 0}
    - target: {fileID: 9196357127479560548, guid: f875be44785cc034fac23ac65a5af91b,
        type: 3}
      propertyPath: m_RootOrder
      value: 7
      objectReference: {fileID: 0}
    - target: {fileID: 9196357127479560548, guid: f875be44785cc034fac23ac65a5af91b,
        type: 3}
      propertyPath: m_LocalEulerAnglesHint.x
      value: 0
      objectReference: {fileID: 0}
    - target: {fileID: 9196357127479560548, guid: f875be44785cc034fac23ac65a5af91b,
        type: 3}
      propertyPath: m_LocalEulerAnglesHint.y
      value: 0
      objectReference: {fileID: 0}
    - target: {fileID: 9196357127479560548, guid: f875be44785cc034fac23ac65a5af91b,
        type: 3}
      propertyPath: m_LocalEulerAnglesHint.z
      value: 0
      objectReference: {fileID: 0}
    m_RemovedComponents: []
  m_SourcePrefab: {fileID: 100100000, guid: f875be44785cc034fac23ac65a5af91b, type: 3}
--- !u!4 &2452731719736785407 stripped
Transform:
  m_CorrespondingSourceObject: {fileID: 9196357127479560548, guid: f875be44785cc034fac23ac65a5af91b,
    type: 3}
  m_PrefabInstance: {fileID: 6749168045999222939}
  m_PrefabAsset: {fileID: 0}
--- !u!1001 &7808974186643165928
PrefabInstance:
  m_ObjectHideFlags: 0
  serializedVersion: 2
  m_Modification:
    m_TransformParent: {fileID: 5686123042758858590}
    m_Modifications:
    - target: {fileID: 1571256060720350738, guid: f875be44785cc034fac23ac65a5af91b,
        type: 3}
      propertyPath: m_Name
      value: Terrain (16x16)_6 (5)
      objectReference: {fileID: 0}
    - target: {fileID: 9196357127479560548, guid: f875be44785cc034fac23ac65a5af91b,
        type: 3}
      propertyPath: m_LocalPosition.x
      value: 7
      objectReference: {fileID: 0}
    - target: {fileID: 9196357127479560548, guid: f875be44785cc034fac23ac65a5af91b,
        type: 3}
      propertyPath: m_LocalPosition.y
      value: -1.78
      objectReference: {fileID: 0}
    - target: {fileID: 9196357127479560548, guid: f875be44785cc034fac23ac65a5af91b,
        type: 3}
      propertyPath: m_LocalPosition.z
      value: 0
      objectReference: {fileID: 0}
    - target: {fileID: 9196357127479560548, guid: f875be44785cc034fac23ac65a5af91b,
        type: 3}
      propertyPath: m_LocalRotation.x
      value: 0
      objectReference: {fileID: 0}
    - target: {fileID: 9196357127479560548, guid: f875be44785cc034fac23ac65a5af91b,
        type: 3}
      propertyPath: m_LocalRotation.y
      value: 0
      objectReference: {fileID: 0}
    - target: {fileID: 9196357127479560548, guid: f875be44785cc034fac23ac65a5af91b,
        type: 3}
      propertyPath: m_LocalRotation.z
      value: 0
      objectReference: {fileID: 0}
    - target: {fileID: 9196357127479560548, guid: f875be44785cc034fac23ac65a5af91b,
        type: 3}
      propertyPath: m_LocalRotation.w
      value: 1
      objectReference: {fileID: 0}
    - target: {fileID: 9196357127479560548, guid: f875be44785cc034fac23ac65a5af91b,
        type: 3}
      propertyPath: m_RootOrder
      value: 6
      objectReference: {fileID: 0}
    - target: {fileID: 9196357127479560548, guid: f875be44785cc034fac23ac65a5af91b,
        type: 3}
      propertyPath: m_LocalEulerAnglesHint.x
      value: 0
      objectReference: {fileID: 0}
    - target: {fileID: 9196357127479560548, guid: f875be44785cc034fac23ac65a5af91b,
        type: 3}
      propertyPath: m_LocalEulerAnglesHint.y
      value: 0
      objectReference: {fileID: 0}
    - target: {fileID: 9196357127479560548, guid: f875be44785cc034fac23ac65a5af91b,
        type: 3}
      propertyPath: m_LocalEulerAnglesHint.z
      value: 0
      objectReference: {fileID: 0}
    m_RemovedComponents: []
  m_SourcePrefab: {fileID: 100100000, guid: f875be44785cc034fac23ac65a5af91b, type: 3}
--- !u!4 &1440882171375164300 stripped
Transform:
  m_CorrespondingSourceObject: {fileID: 9196357127479560548, guid: f875be44785cc034fac23ac65a5af91b,
    type: 3}
  m_PrefabInstance: {fileID: 7808974186643165928}
  m_PrefabAsset: {fileID: 0}
--- !u!1001 &8722689398910349533
PrefabInstance:
  m_ObjectHideFlags: 0
  serializedVersion: 2
  m_Modification:
    m_TransformParent: {fileID: 5686123042758858590}
    m_Modifications:
    - target: {fileID: 1571256060720350738, guid: f875be44785cc034fac23ac65a5af91b,
        type: 3}
      propertyPath: m_Name
      value: Terrain (16x16)_6 (3)
      objectReference: {fileID: 0}
    - target: {fileID: 9196357127479560548, guid: f875be44785cc034fac23ac65a5af91b,
        type: 3}
      propertyPath: m_LocalPosition.x
      value: 5
      objectReference: {fileID: 0}
    - target: {fileID: 9196357127479560548, guid: f875be44785cc034fac23ac65a5af91b,
        type: 3}
      propertyPath: m_LocalPosition.y
      value: -1.78
      objectReference: {fileID: 0}
    - target: {fileID: 9196357127479560548, guid: f875be44785cc034fac23ac65a5af91b,
        type: 3}
      propertyPath: m_LocalPosition.z
      value: 0
      objectReference: {fileID: 0}
    - target: {fileID: 9196357127479560548, guid: f875be44785cc034fac23ac65a5af91b,
        type: 3}
      propertyPath: m_LocalRotation.x
      value: 0
      objectReference: {fileID: 0}
    - target: {fileID: 9196357127479560548, guid: f875be44785cc034fac23ac65a5af91b,
        type: 3}
      propertyPath: m_LocalRotation.y
      value: 0
      objectReference: {fileID: 0}
    - target: {fileID: 9196357127479560548, guid: f875be44785cc034fac23ac65a5af91b,
        type: 3}
      propertyPath: m_LocalRotation.z
      value: 0
      objectReference: {fileID: 0}
    - target: {fileID: 9196357127479560548, guid: f875be44785cc034fac23ac65a5af91b,
        type: 3}
      propertyPath: m_LocalRotation.w
      value: 1
      objectReference: {fileID: 0}
    - target: {fileID: 9196357127479560548, guid: f875be44785cc034fac23ac65a5af91b,
        type: 3}
      propertyPath: m_RootOrder
      value: 4
      objectReference: {fileID: 0}
    - target: {fileID: 9196357127479560548, guid: f875be44785cc034fac23ac65a5af91b,
        type: 3}
      propertyPath: m_LocalEulerAnglesHint.x
      value: 0
      objectReference: {fileID: 0}
    - target: {fileID: 9196357127479560548, guid: f875be44785cc034fac23ac65a5af91b,
        type: 3}
      propertyPath: m_LocalEulerAnglesHint.y
      value: 0
      objectReference: {fileID: 0}
    - target: {fileID: 9196357127479560548, guid: f875be44785cc034fac23ac65a5af91b,
        type: 3}
      propertyPath: m_LocalEulerAnglesHint.z
      value: 0
      objectReference: {fileID: 0}
    m_RemovedComponents: []
  m_SourcePrefab: {fileID: 100100000, guid: f875be44785cc034fac23ac65a5af91b, type: 3}
--- !u!4 &481095566480177593 stripped
Transform:
  m_CorrespondingSourceObject: {fileID: 9196357127479560548, guid: f875be44785cc034fac23ac65a5af91b,
    type: 3}
  m_PrefabInstance: {fileID: 8722689398910349533}
  m_PrefabAsset: {fileID: 0}
